<record><leader>00000cas a22000007a 4500</leader><controlfield tag="001">14879402</controlfield><controlfield tag="008">861126c19769999pauwr ne      0    0eng d</controlfield><datafield ind1=" " ind2=" " tag="010"><subfield code="a">sn 86082041 </subfield></datafield><datafield ind1=" " ind2=" " tag="040"><subfield code="a">NPH</subfield><subfield code="b">eng</subfield><subfield code="c">NPH</subfield><subfield code="d">OCLCQ</subfield></datafield><datafield ind1=" " ind2=" " tag="042"><subfield code="a">msc</subfield></datafield><datafield ind1="0" ind2=" " tag="130"><subfield code="a">Era (Windber, Pa.)</subfield></datafield><datafield ind1="1" ind2="4" tag="245"><subfield code="a">The era.</subfield></datafield><datafield ind1="3" ind2="0" tag="246"><subfield code="a">Windber era</subfield></datafield><datafield ind1=" " ind2=" " tag="260"><subfield code="a">[Windber, i.e. Johnstown, Pa. :</subfield><subfield code="b">Johnstown Tribune Pub. Co.],</subfield><subfield code="c">1976-</subfield></datafield><datafield ind1=" " ind2=" " tag="300"><subfield code="a">v. :</subfield><subfield code="b">ill.</subfield></datafield><datafield ind1=" " ind2=" " tag="310"><subfield code="a">Weekly</subfield></datafield><datafield ind1="0" ind2=" " tag="362"><subfield code="a">Vol. 78, no. 37 (Mar. 10, 1976)-</subfield></datafield><datafield ind1=" " ind2=" " tag="500"><subfield code="a">Published every Wednesday as a supplement to the Tribune Democrat (Johnstown, Pa.).</subfield></datafield><datafield ind1=" " ind2=" " tag="500"><subfield code="a">Publisher: Richard H. Mayer.</subfield></datafield><datafield ind1=" " ind2=" " tag="500"><subfield code="a">Editor: George Fattman.</subfield></datafield><datafield ind1=" " ind2=" " tag="752"><subfield code="a">United States</subfield><subfield code="b">Pennsylvania</subfield><subfield code="c">Cambria</subfield><subfield code="d">Johnstown.</subfield></datafield><datafield ind1=" " ind2=" " tag="752"><subfield code="a">United States</subfield><subfield code="b">Pennsylvania</subfield><subfield code="c">Somerset</subfield><subfield code="d">Windber.</subfield></datafield><datafield ind1="1" ind2=" " tag="772"><subfield code="t">Tribune-Democrat (Johnstown, Pa.)</subfield><subfield code="w">(DLC)sn 86071505</subfield></datafield><datafield ind1="0" ind2="0" tag="780"><subfield code="t">Windber era</subfield><subfield code="w">(DLC)sn 86082040</subfield></datafield><datafield ind1="1" ind2=" " tag="029"><subfield code="a">AU@</subfield><subfield code="b">000025818841</subfield></datafield></record>